@MISC{PostgreSQL,
  author	= {},
  title		= {{PostgreSQL honlap}},
  publisher 	= {},
  howpublished = {\url{http://www.postgresql.org/}}
}

@MISC{NodeJS,
  author	= {},
  title		= {{NodeJS honlap}},
  publisher 	= {},
  howpublished = {\url{http://nodejs.org}}
}

@MISC{Apache,
  author	= {},
  title		= {{Apache honlap}},
  publisher 	= {},
  howpublished = {\url{http://www.apache.org/}}
}

@MISC{Nginx,
  author	= {},
  title		= {{Nginx honlap}},
  publisher 	= {},
  howpublished = {\url{http://nginx.org/}}
}

@MISC{Lighttpd,
  author	= {},
  title		= {{Lighttpd honlap}},
  publisher 	= {},
  howpublished = {\url{http://www.lighttpd.net/}}
}

@Misc{openstreetmap,
  author       = {{OpenStreetMap Contributors}},
  title	       = {{OpenStreetMap}},
  howpublished = {\url{http://www.openstreetmap.org/}}
}

@Misc{wikipedia,
  author    = {{Wikipedia Contributors}},
  title     = {Wikipedia},
  howpublished = {\url{http://en.wikipedia.org/}}
}
