\begin{thebibliography}{}

	@Misc{zlib,
  		title     = {zlib},
  		howpublished = {\url{http://www.zlib.net/}}
	}


\end{thebibliography}